@comment{ Judith's publications: }

@comment{ Titus' publications: }

@article{ParshinaEtAl2021,
  author    = {Olga Parshina and Irina Sekerina and Anastasiya Lopukhina and von der Malsburg, Titus},
  title     = {Monolingual and Bilingual Reading Strategies in {Russian}: An {exploratory} Scanpath Analysis},
  pubstate = {Accepted for publication},
  journal = {Reading Research Quarterly},
  year      = {2021},
  tags      = {article, own},
}

@Article{WehbeEtAl2020,
  author    = {Wehbe, Leila and Blank, Idan A and Shain, Cory and Futrell, Richard and Levy, Roger and von der Malsburg, Titus and Smith, Nathaniel and Gibson, Edward and Fedorenko, Evelina},
  title     = {Incremental language comprehension difficulty predicts activity in the language network but not the multiple demand network},
  journal   = {Celebral Cortex},
  year      = {2021},
  pubstate = {In press},
  url       = {https://www.biorxiv.org/content/early/2020/04/17/2020.04.15.043844},
  tags      = {own, article},
}

@article{PaapeEtAl2020,
  author = {Paape, Dario and Vasishth, Shravan and von der Malsburg, Titus},
  title = {Quadruplex negatio invertit? {The} on-line processing of depth charge sentences},
  journal = {Journal of Semantics},
  year = {2020},
  volume = {37},
  number = {4},
  pages = {509-555},
  doi = {10.1093/jos/ffaa009},
  url = {https://psyarxiv.com/uw64a/},
}

@article{MalsburgEtAl2020,
  author = {von der Malsburg, Titus and Poppels, Till and Levy, Roger P.},
  sortname = {Malsburg},
  title = {Implicit Gender Bias in Linguistic Descriptions for Expected Events: {The} Cases of the 2016 {United States} and 2017 {United Kingdom} Elections},
  journal = {Psychological Science},
  year = {2020},
  Volume = {31},
  number = {2},
  pages = {115-128},
  month = {01},
  day = {08},
  publisher = {SAGE Publications Inc},
  issn = {0956-7976},
  doi = {10.1177/0956797619890619},
}

@article{MorganEtAl2020,
  author = {Adam M. Morgan and {von der Malsburg}, Titus and Victor S. Ferreira and Eva Wittenberg},
  title = {Shared syntax between comprehension and production: Multi-paradigm evidence that resumptive pronouns hinder comprehension},
  journal = {Cognition},
  year = {2020},
  volume = {205},
  pages = {104417},
  issn = {0010-0277},
  doi = {10.1016/j.cognition.2020.104417},
  keywords = {Syntax, Resumptive pronouns, Language comprehension, Language production, Eyetracking, Multi-paradigm self-replication},
}

@inproceedings{MalsburgEtAl2012Coling,
  author = {von der Malsburg, Titus and Shravan Vasishth and Kliegl, Reinhold},
  sortname = {Malsburg},
  title = {Scanpaths in reading are informative about sentence processing},
  year = {2012},
  pages = {37--53},
  address = {Mumbai, India},
  booktitle = {{Proceedings of the First Workshop on Eye-tracking and Natural Language Processing}},
  editor = {Michael Carl, Pushpak Bhattacharya and Kamal Kumar Choudhary},
  publisher = {The COLING 2012 organizing committee},
  url = {https://tmalsburg.github.io/publications/MalsburgEtAl2012Coling.pdf},
}

@article{MalsburgVasishth2011,
  url = {https://tmalsburg.github.io/publications/MalsburgVasishth2011.pdf},
  author = {von der Malsburg, Titus and Shravan Vasishth},
  sortname = {Malsburg},
  title = {What is the scanpath signature of syntactic reanalysis?},
  journal = {Journal of Memory and Language},
  volume = {65},
  number = {2},
  pages = {109--127},
  year = {2011},
  doi = {10.1016/j.jml.2011.02.004},
  keywords = {eyemovements, method, parsing, scanpaths, syntacticreanalysis},
}

@article{MalsburgVasishth2013,
  author = {von der Malsburg, Titus and Vasishth, Shravan},
  sortname = {Malsburg},
  title = {Scanpaths reveal syntactic underspecification and reanalysis strategies},
  journal = {Language and Cognitive Processes},
  year = {2013},
  volume = {28},
  number = {10},
  pages = {1545--1578},
  url = {http://www.tandfonline.com/doi/abs/10.1080/01690965.2012.728232},
  keywords = {eyemovements, method, parsing, scanpaths, syntacticreanalysis, workingmemory},
  doi = {10.1080/01690965.2012.728232},
}

@article{MalsburgEtAl2015,
  author = {von der Malsburg, Titus and Kliegl, Reinhold and Vasishth, Shravan},
  sortname = {Malsburg},
  title = {Determinants of scanpath regularity in reading},
  year = {2015},
  volume = {39},
  number = {7},
  pages = {1675--1703},
  journal = {Cognitive Science},
  url = {https://tmalsburg.github.io/publications/MalsburgEtAl2015.pdf},
  keywords = {eyemovements, method, parsing, scanpaths, corpus},
  doi = {10.1111/cogs.12208},
}

@article{VasishthEtAl2013,
  author = {Vasishth, Shravan and von der Malsburg, Titus and Engelmann, Felix},
  title = {What eye movements can tell us about sentence comprehension},
  journal = {Wiley Interdisciplinary Reviews: Cognitive Science},
  volume = {4},
  number = {2},
  publisher = {John Wiley & Sons, Inc.},
  issn = {1939-5086},
  doi = {10.1002/wcs.1209},
  url = {https://tmalsburg.github.io/publications/VasishthEtAl2013.pdf},
  pages = {125--134},
  year = {2013},
  keywords = {eyemovements, method, parsing, scanpaths, corpus},
}

@article{MetznerEtAl2015N400,
  author = {Metzner, Paul and von der Malsburg, Titus and Vasishth, Shravan and Rösler, Frank},
  title = {Brain responses to world-knowledge violations: {A} comparison of stimulus- and fixation-triggered event-related potentials and neural oscillations},
  journal = {Journal of Cognitive Neuroscience},
  year = {2015},
  pages = {1017--1028},
  volume = {27},
  number = {5},
  doi = {10.1162/jocn_a_00731},
  url = {https://tmalsburg.github.io/publications/MetznerEtAl2014N400.pdf},
  keywords = {ERP, eye movements, reading, coregistration, n400},
}

@article{MetznerEtAl2016,
  author = {Metzner, Paul and von der Malsburg, Titus and Vasishth, Shravan and Rösler, Frank},
  title = {The importance of reading naturally: {Evidence} from combined recordings of eye movements and electric brain potentials},
  year = {2016},
  journal = {Cognitive Science},
  pubstate = {inpress},
  keywords = {ERP, eye movements, reading, coregistration, n400, p600},
  pages = {1232–1263},
  volume = {41},
  number = {S6},
  doi = {10.1111/cogs.12384},
}

@article{MalsburgAngele2017,
  title = {False Positives and Other Statistical Errors in Standard Analyses of Eye Movements in Reading},
  author = {von der Malsburg, Titus and Angele, Bernhard},
  sortname = {Malsburg},
  journal = {Journal of Memory and Language},
  year = {2017},
  keywords = {statistics; false positives; null-hypothesis testing; eye-tracking; reading},
  volume = {94},
  pages = {119--133},
  doi = {10.1016/j.jml.2016.10.003},
}

@article{SchotterEtAl2018b,
  author = {Schotter, Elizabeth and Leinenger, Mallorie and von der Malsburg, Titus},
  title = {When Your Mind Ignores What Your Eyes See: {How} Forced Fixations Lead to Comprehension Illusions in Reading},
  journal = {Psychonomic Bulletin \& Review},
  year = {2018},
  volume = {25},
  number = {5},
  pages = {1884--1890},
  doi = {10.3758/s13423-017-1356-y},
}

@article{SchotterEtAl2018,
  author = {Schotter, Elizabeth and von der Malsburg, Titus and Leinenger, Mallorie},
  title = {Forced Fixations, Trans-saccadic Integration, and Word Recognition: {Evidence} for a Hybrid Mechanism of Saccade Triggering in Reading},
  journal = {Journal of Experimental Psychology: Learning, Memory, and Cognition},
  year = {2018},
  number = {5},
  volume = {45},
  pages = {677-688},
  doi = {10.1037/xlm0000617},
  url = {https://osf.io/c5bmd/},
}

@article{StoneEtAl2020,
  author = {Kate Stone and von der Malsburg, Titus and Shravan Vasishth},
  title = {The effect of decay and lexical uncertainty on processing long-distance dependencies},
  journal = {PeerJ},
  pages = {8:e10438},
  year = {2020},
  doi = {doi.org/10.7717/peerj.10438},
  url = {https://osf.io/xrm43/},
}

@article{MaruschEtAl2012,
  url = {https://tmalsburg.github.io/publications/MaruschEtAl2012.pdf},
  author = {Marusch, Tina and von der Malsburg, Titus and Bastiaanse, Roelien and Burchert, Frank},
  title = {Tense morphology in German agrammatism: {The} production of regular, irregular and mixed verbs},
  journal = {The Mental Lexicon},
  volume = {7},
  number = {3},
  month = {11},
  publishers = {John Benjamins Publishing Co.},
  pages = {351--380},
  year = {2012},
  doi = {10.1075/ml.7.3.05mar},
  keywords = {agrammatism, tense, regular and irregular verbs, mixed verbs, inflectional morphology, time reference},
}

@comment{ Literature by other people: }

@InProceedings{HendersonMcCready2018,
  author    = {Henderson, R.  and McCready, E.},
  title     = {How Dogwhistles Work},
  booktitle = {New Frontiers in Artificial Intelligence},
  year      = {2018},
  editor    = {Arai, Sachiyo and Kojima, Kazuhiro and Mineshima, Koji
              and Bekki, Daisuke and Satoh, Ken and Ohta, Yuiko},
  pages     = {231--240},
  publisher = {Springer International Publishing},
  isbn      = {978-3-319-93794-6},
}

@InBook{HendersonMcCready2019,
  author    = {Robert Henderson and Elin McCready},
  title     = {Secondary Content: {The} Semantics and Pragmatics of
              Side Issues},
  chapter   = {Dogwhistles and the At-Issue/Non-At-Issue Distinction},
  publisher = {Brill},
  year      = {2019},
  address   = {Leiden, The Netherlands},
  pages     = {222--245},
  isbn      = {9789004393127},
  doi       = {https://doi.org/10.1163/9789004393127_010},
}

@Article{CalfanoDjupe2009,
  author    = {Calfano, Brian Robert and Djupe, Paul A.},
  title     = {God Talk: {Religious} Cues and Electoral Support},
  journal   = {Political Research Quarterly},
  year      = {2009},
  volume    = {62},
  number    = {2},
  pages     = {329--339},
  month     = {6},
  publisher = {SAGE Publications Inc},
  doi       = {10.1177/1065912908319605},
}

@Article{GoodinSaward2005,
  author    = {Goodin, Robert E.  And Saward, Michael},
  title     = {Dog Whistles and Democratic Mandates},
  journal   = {The Political Quarterly},
  year      = {2005},
  volume    = {76},
  number    = {4},
  pages     = {471--476},
  month     = {10},
  publisher = {John Wiley & Sons, Ltd},
  keywords  = {democracy; voting; elections; mandates; campaigns;
              referendums},
  doi       = {10.1111/j.1467-923X.2005.00708.x},
}

@Article{HurwitzPeffley2005,
  author    = {Hurwitz, Jon and Peffley, Mark},
  title     = {Playing the Race Card in the Post–{Willie Horton} Era:
              {The} Impact of Racialized Code Words on Support for
              Punitive Crime Policy},
  journal   = {Public Opinion Quarterly},
  year      = {2005},
  volume    = {69},
  number    = {1},
  pages     = {99-112},
  month     = {01},
  doi       = {10.1093/poq/nfi004},
}

@Book{Mendelberg2001,
  author    = {Tali Mendelberg},
  title     = {The Race Card: {Campaign} Strategy, Implicit Messages, and the Norm of Equality},
  publisher = {Princton Universtiy Press},
  year      = {2001},
  address   = {Princeton, New Jersey 08540, United States},
  pages     = 328,
  isbn      = {9780691070711},
  url       = {https://press.princeton.edu/books/paperback/9780691070711/the-race-card},
}

@Article{Albertson2015,
  author    = {Albertson, Bethany L.},
  title     = {Dog-Whistle Politics: {Multivocal} Communication and Religious Appeals},
  journal   = {Political Behavior},
  year      = {2015},
  volume    = {37},
  number    = {1},
  pages     = {3--26},
  month     = {3},
  issn      = {1573-6687},
  doi       = {10.1007/s11109-013-9265-x},
}

@Article{Burnett2017,
  author    = {Burnett, Heather},
  title     = {Sociolinguistic interaction and identity construction: {The} view from game-theoretic pragmatics},
  journal   = {Journal of Sociolinguistics},
  year      = {2017},
  volume    = {21},
  number    = {2},
  pages     = {238--271},
  keywords  = {Pragmatics, game theory, identity construction, interaction, indexicality, Bayesian cognitive science},
  doi       = {doi.org/10.1111/josl.12229},
}

@Book{Stanley2016,
  author    = {Jason Stanley},
  title     = {How propaganda works},
  publisher = {Princton Universtiy Press},
  year      = {2016},
  address   = {Princeton, New Jersey 08540, United States},
  pages     = {376},
  isbn      = {9780691173429},
  url       = {https://press.princeton.edu/books/paperback/9780691173429/how-propaganda-works},
}

@Article{BeaverStanley2019,
  author    = {David Beaver and Jason Stanley},
  title     = {Toward a non-ideal philosophy of language},
  journal   = {Graduate Faculty Philosophy Journal},
  year      = {2019},
  volume    = {39},
  number    = {2},
  pages     = {503-547},
}

@InBook{Saul2018,
  author    = {Jennifer Saul},
  title     = {New work on speech acts},
  chapter   = {Dogwhistles, political manipulation, and philosophyof
              language},
  publisher = {Oxford University Press},
  year      = {2018},
  pages     = {360-383},
}
